<?xml version="1.0" encoding="UTF-8"?><collection xmlns="http://www.loc.gov/MARC21/slim"><record><leader>00495nam--2200133-i-4500</leader><controlfield tag="001">000004439</controlfield><controlfield tag="002">20161230</controlfield><controlfield tag="005">20170207232936</controlfield><controlfield tag="008">060222s1000------------r-----000-0-eng-d</controlfield><datafield ind1=" " ind2=" " tag="100"><subfield code="a">Dini, Dino</subfield></datafield><datafield ind1=" " ind2=" " tag="245"><subfield code="a">Procedimento di calcolo dell impulso e della frequenza ottenibili con la combustione pulsatoria in tubi. Pubblicazioni della facolta d ing.di Pisa, serie XVII, no.836</subfield></datafield><datafield ind1=" " ind2=" " tag="260"><subfield code="a">Milano</subfield><subfield code="b">Edizione Instituto Propaganda Internatzionale</subfield></datafield><datafield ind1=" " ind2=" " tag="300"><subfield code="a">9 p., 7 Fig</subfield></datafield><datafield ind1=" " ind2=" " tag="CAT"><subfield code="a">SYS</subfield><subfield code="c">20170207</subfield><subfield code="h">232936</subfield></datafield></record></collection>